<?xml version="1.0" encoding="UTF-8"?><record xmlns="http://www.loc.gov/MARC21/slim" xmlns:cinclude="http://apache.org/cocoon/include/1.0" xmlns:zs="http://www.loc.gov/zing/srw/">
  <leader>00730cz  a2200181n  4500</leader>
  <controlfield tag="001">nr2002000534</controlfield>
  <controlfield tag="003">DLC</controlfield>
  <controlfield tag="005">20081113082539.0</controlfield>
  <controlfield tag="008">020104n| acannaabn          |b aaa      </controlfield>
  <datafield tag="010" ind1=" " ind2=" ">
    <subfield code="a">nr2002000534</subfield>
  </datafield>
  <datafield tag="035" ind1=" " ind2=" ">
    <subfield code="a">(OCoLC)oca05660294</subfield>
  </datafield>
  <datafield tag="040" ind1=" " ind2=" ">
    <subfield code="a">DLC-R</subfield>
    <subfield code="b">eng</subfield>
    <subfield code="c">DLC-R</subfield>
    <subfield code="d">OCoLC</subfield>
  </datafield>
  <datafield tag="100" ind1="1" ind2=" ">
    <subfield code="a">Cohen, Benjamin,</subfield>
    <subfield code="d">1921-2000</subfield>
  </datafield>
  <datafield tag="400" ind1="1" ind2=" ">
    <subfield code="a">Kohen, Binyamin,</subfield>
    <subfield code="d">1921-2000</subfield>
  </datafield>
  <datafield tag="400" ind1="1" ind2=" ">
    <subfield code="a">כהן, בנימין,</subfield>
    <subfield code="d">1921־2000</subfield>
  </datafield>
  <datafield tag="667" ind1=" " ind2=" ">
    <subfield code="a">Machine-derived non-Latin script reference project.</subfield>
  </datafield>
  <datafield tag="667" ind1=" " ind2=" ">
    <subfield code="a">Non-Latin script reference not evaluated.</subfield>
  </datafield>
  <datafield tag="670" ind1=" " ind2=" ">
    <subfield code="a">Ba-ḥazarah el Marḳs, 2001:</subfield>
    <subfield code="b">t.p. (Binyamin Kohen) t.p. verso, etc. (Benjamin Cohen [in rom.]; b. 1921; prof. emeritus of "historyah shel ha-ʻet ha-ʻatiḳah," Univ. Tel-Aviv; d. Sept. 2000)</subfield>
  </datafield>
</record>